<?xml version="1.0" encoding="UTF-8"?><record xmlns="http://www.loc.gov/MARC21/slim" xmlns:cinclude="http://apache.org/cocoon/include/1.0" xmlns:zs="http://www.loc.gov/zing/srw/">
  <leader>00529cz  a2200145n  4500</leader>
  <controlfield tag="001">n  82077779 </controlfield>
  <controlfield tag="003">DLC</controlfield>
  <controlfield tag="005">20090114080353.0</controlfield>
  <controlfield tag="008">820604n| acannaabn          |n aaa      </controlfield>
  <datafield tag="010" ind1=" " ind2=" ">
    <subfield code="a">n  82077779 </subfield>
  </datafield>
  <datafield tag="035" ind1=" " ind2=" ">
    <subfield code="a">(OCoLC)oca00774506</subfield>
  </datafield>
  <datafield tag="040" ind1=" " ind2=" ">
    <subfield code="a">DLC</subfield>
    <subfield code="b">eng</subfield>
    <subfield code="c">DLC</subfield>
    <subfield code="d">GU</subfield>
    <subfield code="d">OCoLC</subfield>
  </datafield>
  <datafield tag="053" ind1=" " ind2="0">
    <subfield code="a">PS3521.A73</subfield>
  </datafield>
  <datafield tag="100" ind1="1" ind2=" ">
    <subfield code="a">Kaufman, Herbert</subfield>
  </datafield>
  <datafield tag="670" ind1=" " ind2=" ">
    <subfield code="a">Sozialstatus des Berufsmusikers vom 17. bis 19. Jahrhundert. English. The social status of the professional musician from the Middle Ages to the 19th century, 1982 (a.e.)</subfield>
    <subfield code="b">CIP t.p. (Herbert Kaufman)</subfield>
  </datafield>
</record>